@article{auer2002finite,
  title={Finite-time analysis of the multiarmed bandit problem},
  author={Auer, Peter and Cesa-Bianchi, Nicolo and Fischer, Paul},
  journal={Machine learning},
  volume={47},
  number={2-3},
  pages={235--256},
  year={2002},
  publisher={Springer}
}
